@inproceedings{Ge:2015:PD:2795218.2795224,
 author = {Ge, Xiaoyu and Chrysanthis, Panos K. and Labrinidis, Alexandros},
 title = {Preferential Diversity},
 booktitle = {Proceedings of the Second International Workshop on Exploratory Search in Databases and the Web},
 series = {ExploreDB '15},
 year = {2015},
 isbn = {978-1-4503-3740-3},
 location = {Melbourne, VIC, Australia},
 pages = {9--14},
 numpages = {6},
 url = {http://doi.acm.org/10.1145/2795218.2795224},
 doi = {10.1145/2795218.2795224},
 acmid = {2795224},
 publisher = {ACM},
 address = {New York, NY, USA},
} 
